<mx:record xmlns:v="http://viaf.org/viaf/terms#" xmlns:srw="http://www.loc.gov/zing/srw/" xmlns:mx="http://www.loc.gov/MARC21/slim"><mx:leader>00000cz##a22.....n..4500</mx:leader><mx:controlfield tag="001">viaf25393339</mx:controlfield><mx:controlfield tag="003">OCoLC</mx:controlfield><mx:controlfield tag="008">110318n||azznnabbn##########|a#aaa####|#</mx:controlfield><mx:datafield ind2=" " ind1="7" tag="024"><mx:subfield code="a">http://viaf.org/viaf/25393339</mx:subfield><mx:subfield code="2">uri</mx:subfield></mx:datafield><mx:datafield ind2=" " ind1=" " tag="040"><mx:subfield code="a">VIAF</mx:subfield><mx:subfield code="c">VIAF</mx:subfield></mx:datafield><mx:datafield tag="700" ind2=" " ind1="0"><mx:subfield code="a">Apollonius,</mx:subfield><mx:subfield code="c">De Tyane</mx:subfield><mx:subfield code="0">(RERO)vtls000008386</mx:subfield></mx:datafield><mx:datafield tag="700" ind2=" " ind1="0"><mx:subfield code="a">Apollonios från Tyana,</mx:subfield><mx:subfield code="c">d. 90-t. e.Kr.</mx:subfield><mx:subfield code="0">(SELIBR)174780</mx:subfield></mx:datafield><mx:datafield tag="100" ind2="0" ind1="0"><mx:subfield code="a">Apollonius,</mx:subfield><mx:subfield code="c">of Tyana</mx:subfield><mx:subfield code="0">(LC)n  79004116</mx:subfield></mx:datafield><mx:datafield tag="700" ind2="0" ind1="0"><mx:subfield code="a">Apolonio de Tiana</mx:subfield><mx:subfield code="0">(BNE)XX1146121</mx:subfield></mx:datafield><mx:datafield tag="700" ind2=" " ind1="0"><mx:subfield code="a">Apollonius Tyanensis,</mx:subfield><mx:subfield code="d">c. 4 a.C.-97</mx:subfield><mx:subfield code="0">(BAV)ADV10022328</mx:subfield></mx:datafield><mx:datafield tag="700" ind2=" " ind1="0"><mx:subfield code="a">ابولونيوس،</mx:subfield><mx:subfield code="c">التيانى.</mx:subfield><mx:subfield code="0">(EGAXA)vtls001056733</mx:subfield></mx:datafield><mx:datafield tag="700" ind2=" " ind1="0"><mx:subfield code="a">Apollonius,</mx:subfield><mx:subfield code="c">of Tyana</mx:subfield><mx:subfield code="0">(NLA)000035144367</mx:subfield></mx:datafield><mx:datafield ind2=" " ind1=" " tag="375"><mx:subfield code="a">unknown</mx:subfield><mx:subfield code="2">0</mx:subfield></mx:datafield><mx:datafield tag="400" ind2=" " ind1="0"><mx:subfield code="a">Apolloniĭ Tianskiĭ</mx:subfield><mx:subfield code="2">LC</mx:subfield></mx:datafield><mx:datafield tag="400" ind2=" " ind1="0"><mx:subfield code="a">Apollonio Tianeo</mx:subfield><mx:subfield code="2">NLA</mx:subfield><mx:subfield code="2">LC</mx:subfield><mx:subfield code="2">EGAXA</mx:subfield></mx:datafield><mx:datafield tag="400" ind2=" " ind1="0"><mx:subfield code="a">Apollonio Tianeo,</mx:subfield><mx:subfield code="c">d. 90-t. e.Kr.</mx:subfield><mx:subfield code="2">SELIBR</mx:subfield></mx:datafield><mx:datafield tag="400" ind2=" " ind1="0"><mx:subfield code="a">Apollonio Tianeo,</mx:subfield><mx:subfield code="d">c. 4 a.C.-97</mx:subfield><mx:subfield code="2">BAV</mx:subfield></mx:datafield><mx:datafield tag="400" ind2=" " ind1="0"><mx:subfield code="a">Apollonio,</mx:subfield><mx:subfield code="c">Tianeo</mx:subfield><mx:subfield code="2">RERO</mx:subfield></mx:datafield><mx:datafield tag="400" ind2=" " ind1="0"><mx:subfield code="a">Apollonios von Tyana</mx:subfield><mx:subfield code="2">NLA</mx:subfield></mx:datafield><mx:datafield tag="400" ind2=" " ind1="0"><mx:subfield code="a">Apollonios,</mx:subfield><mx:subfield code="c">de Tyane</mx:subfield><mx:subfield code="2">RERO</mx:subfield></mx:datafield><mx:datafield tag="400" ind2=" " ind1="0"><mx:subfield code="a">Apollonios,</mx:subfield><mx:subfield code="c">von Tyana</mx:subfield><mx:subfield code="2">LC</mx:subfield><mx:subfield code="2">EGAXA</mx:subfield></mx:datafield><mx:datafield tag="400" ind2=" " ind1="0"><mx:subfield code="a">Apollonius Tyanaeus,</mx:subfield><mx:subfield code="c">d. 90-t. e.Kr.</mx:subfield><mx:subfield code="2">SELIBR</mx:subfield></mx:datafield><mx:datafield tag="400" ind2=" " ind1="0"><mx:subfield code="a">Apollonius Tyanaeus,</mx:subfield><mx:subfield code="c">neoplatonicus,</mx:subfield><mx:subfield code="d">c. 4 a.C.-97</mx:subfield><mx:subfield code="2">BAV</mx:subfield></mx:datafield><mx:datafield tag="400" ind2=" " ind1="0"><mx:subfield code="a">Apollonius Tyanensis,</mx:subfield><mx:subfield code="c">d. 90-t. e.Kr.</mx:subfield><mx:subfield code="2">SELIBR</mx:subfield></mx:datafield><mx:datafield tag="400" ind2=" " ind1="0"><mx:subfield code="a">Apollonius av Tyana,</mx:subfield><mx:subfield code="c">d. 90-t. e.Kr.</mx:subfield><mx:subfield code="2">SELIBR</mx:subfield></mx:datafield><mx:datafield tag="400" ind2=" " ind1="0"><mx:subfield code="a">Apollonius de Tyane</mx:subfield><mx:subfield code="2">NLA</mx:subfield></mx:datafield><mx:datafield tag="400" ind2=" " ind1="0"><mx:subfield code="a">Apollonius de Tyane,</mx:subfield><mx:subfield code="c">d. 90-t. e.Kr.</mx:subfield><mx:subfield code="2">SELIBR</mx:subfield></mx:datafield><mx:datafield tag="400" ind2=" " ind1="0"><mx:subfield code="a">Apollonius di Tiana,</mx:subfield><mx:subfield code="d">c. 4 a.C.-97</mx:subfield><mx:subfield code="2">BAV</mx:subfield></mx:datafield><mx:datafield tag="400" ind2=" " ind1="0"><mx:subfield code="a">Apollonius från Tyana,</mx:subfield><mx:subfield code="c">d. 90-t. e.Kr.</mx:subfield><mx:subfield code="2">SELIBR</mx:subfield></mx:datafield><mx:datafield tag="400" ind2="0" ind1="0"><mx:subfield code="a">Apollonius of Tyana</mx:subfield><mx:subfield code="2">BNE</mx:subfield></mx:datafield><mx:datafield tag="400" ind2=" " ind1="0"><mx:subfield code="a">Apollonius,</mx:subfield><mx:subfield code="c">Tyaneus</mx:subfield><mx:subfield code="2">LC</mx:subfield><mx:subfield code="2">EGAXA</mx:subfield></mx:datafield><mx:datafield tag="400" ind2=" " ind1="0"><mx:subfield code="a">Apollonius,</mx:subfield><mx:subfield code="c">de Tyane</mx:subfield><mx:subfield code="2">LC</mx:subfield><mx:subfield code="2">EGAXA</mx:subfield></mx:datafield><mx:datafield tag="400" ind2=" " ind1="0"><mx:subfield code="a">Apolloniusz,</mx:subfield><mx:subfield code="c">z Tiany</mx:subfield><mx:subfield code="2">LC</mx:subfield><mx:subfield code="2">EGAXA</mx:subfield></mx:datafield><mx:datafield tag="400" ind2=" " ind1="0"><mx:subfield code="a">Apolloniæi Tianskiæi</mx:subfield><mx:subfield code="2">EGAXA</mx:subfield></mx:datafield><mx:datafield tag="400" ind2="0" ind1="0"><mx:subfield code="a">Apolonio Tianeo</mx:subfield><mx:subfield code="2">BNE</mx:subfield></mx:datafield><mx:datafield tag="400" ind2=" " ind1="0"><mx:subfield code="a">Apolonio,</mx:subfield><mx:subfield code="c">de Tiana</mx:subfield><mx:subfield code="2">LC</mx:subfield><mx:subfield code="2">EGAXA</mx:subfield></mx:datafield><mx:datafield tag="400" ind2=" " ind1="0"><mx:subfield code="a">Balînâs,</mx:subfield><mx:subfield code="c">le Sage</mx:subfield><mx:subfield code="2">LC</mx:subfield></mx:datafield><mx:datafield tag="400" ind2=" " ind1="0"><mx:subfield code="a">Balãinãas,</mx:subfield><mx:subfield code="c">le Sage</mx:subfield><mx:subfield code="2">EGAXA</mx:subfield></mx:datafield><mx:datafield tag="400" ind2="0" ind1="1"><mx:subfield code="a">Tiana, Apolonio de</mx:subfield><mx:subfield code="2">BNE</mx:subfield></mx:datafield><mx:datafield tag="400" ind2=" " ind1="0"><mx:subfield code="a">أبولونيوس</mx:subfield><mx:subfield code="2">LC</mx:subfield></mx:datafield><mx:datafield tag="400" ind2=" " ind1="0"><mx:subfield code="a">بلينوس</mx:subfield><mx:subfield code="c">الحكيم</mx:subfield><mx:subfield code="2">EGAXA</mx:subfield></mx:datafield><mx:datafield tag="500" ind2=" " ind1="0"><mx:subfield code="a">Apollonius,</mx:subfield><mx:subfield code="c">of Tyana</mx:subfield><mx:subfield code="2">EGAXA</mx:subfield></mx:datafield><mx:datafield tag="950" ind2=" " ind1=" "><mx:subfield code="a">Penella, Robert J</mx:subfield><mx:subfield code="9">9</mx:subfield><mx:subfield code="2">BAV</mx:subfield><mx:subfield code="2">LC</mx:subfield><mx:subfield code="2">RERO</mx:subfield><mx:subfield code="2">NLA</mx:subfield><mx:subfield code="2">SELIBR</mx:subfield><mx:subfield code="2">BNE</mx:subfield></mx:datafield><mx:datafield tag="950" ind2=" " ind1=" "><mx:subfield code="a">Lo Cascio, Ferdinando</mx:subfield><mx:subfield code="9">4</mx:subfield><mx:subfield code="2">BAV</mx:subfield><mx:subfield code="2">NLA</mx:subfield><mx:subfield code="2">RERO</mx:subfield><mx:subfield code="2">LC</mx:subfield></mx:datafield><mx:datafield tag="950" ind2=" " ind1=" "><mx:subfield code="a">حنين بن إسحاق، 194-260 هـ.</mx:subfield><mx:subfield code="9">3</mx:subfield><mx:subfield code="2">EGAXA</mx:subfield></mx:datafield><mx:datafield tag="950" ind2=" " ind1=" "><mx:subfield code="a">Weisser, Ursula</mx:subfield><mx:subfield code="9">3</mx:subfield><mx:subfield code="2">NLA</mx:subfield><mx:subfield code="2">RERO</mx:subfield><mx:subfield code="2">LC</mx:subfield></mx:datafield><mx:datafield tag="950" ind2=" " ind1=" "><mx:subfield code="a">وايسر، اورسولا.</mx:subfield><mx:subfield code="9">2</mx:subfield><mx:subfield code="2">NLA</mx:subfield><mx:subfield code="2">EGAXA</mx:subfield></mx:datafield><mx:datafield tag="950" ind2=" " ind1=" "><mx:subfield code="a">Turner, Robert, fl. 1654-1665.</mx:subfield><mx:subfield code="9">2</mx:subfield><mx:subfield code="2">NLA</mx:subfield></mx:datafield><mx:datafield tag="950" ind2=" " ind1=" "><mx:subfield code="a">Philostratus, Flavius</mx:subfield><mx:subfield code="9">2</mx:subfield><mx:subfield code="2">RERO</mx:subfield></mx:datafield><mx:datafield tag="950" ind2=" " ind1=" "><mx:subfield code="a">Leowitz, Cyprian, 1524-1574.</mx:subfield><mx:subfield code="9">2</mx:subfield><mx:subfield code="2">NLA</mx:subfield></mx:datafield><mx:datafield tag="950" ind2=" " ind1=" "><mx:subfield code="a">Chassang, Alexis</mx:subfield><mx:subfield code="9">2</mx:subfield><mx:subfield code="2">RERO</mx:subfield></mx:datafield><mx:datafield tag="950" ind2=" " ind1=" "><mx:subfield code="a">Trithemius, Johannes 1462-1516</mx:subfield><mx:subfield code="9">1</mx:subfield><mx:subfield code="2">BNE</mx:subfield></mx:datafield><mx:datafield tag="950" ind2=" " ind1=" "><mx:subfield code="a">Penne, G. B</mx:subfield><mx:subfield code="9">1</mx:subfield><mx:subfield code="2">RERO</mx:subfield></mx:datafield><mx:datafield tag="901" ind2=" " ind1=" "><mx:subfield code="a">9789004059726</mx:subfield><mx:subfield code="9">5</mx:subfield><mx:subfield code="2">NLA</mx:subfield><mx:subfield code="2">RERO</mx:subfield><mx:subfield code="2">LC</mx:subfield><mx:subfield code="2">BNE</mx:subfield><mx:subfield code="2">SELIBR</mx:subfield></mx:datafield><mx:datafield tag="901" ind2=" " ind1=" "><mx:subfield code="a">9783322004505</mx:subfield><mx:subfield code="9">1</mx:subfield><mx:subfield code="2">BAV</mx:subfield></mx:datafield><mx:datafield tag="901" ind2=" " ind1=" "><mx:subfield code="a">9783110073331</mx:subfield><mx:subfield code="9">1</mx:subfield><mx:subfield code="2">RERO</mx:subfield></mx:datafield><mx:datafield tag="901" ind2=" " ind1=" "><mx:subfield code="a">9781879000063</mx:subfield><mx:subfield code="9">1</mx:subfield><mx:subfield code="2">NLA</mx:subfield></mx:datafield><mx:datafield tag="901" ind2=" " ind1=" "><mx:subfield code="a">9781879000056</mx:subfield><mx:subfield code="9">1</mx:subfield><mx:subfield code="2">NLA</mx:subfield></mx:datafield><mx:datafield tag="910" ind2=" " ind1=" "><mx:subfield code="a">The letters of Apollonius of Tyana : a critical text with prolegomena, translation and commentary</mx:subfield><mx:subfield code="9">4</mx:subfield><mx:subfield code="2">NLA</mx:subfield><mx:subfield code="2">RERO</mx:subfield><mx:subfield code="2">LC</mx:subfield><mx:subfield code="2">SELIBR</mx:subfield></mx:datafield><mx:datafield tag="910" ind2=" " ind1=" "><mx:subfield code="a">Epistole e frammenti</mx:subfield><mx:subfield code="9">3</mx:subfield><mx:subfield code="2">BAV</mx:subfield><mx:subfield code="2">RERO</mx:subfield><mx:subfield code="2">LC</mx:subfield></mx:datafield><mx:datafield tag="910" ind2=" " ind1=" "><mx:subfield code="a">كتاب المخروطات</mx:subfield><mx:subfield code="9">2</mx:subfield><mx:subfield code="2">EGAXA</mx:subfield></mx:datafield><mx:datafield tag="910" ind2=" " ind1=" "><mx:subfield code="a">The new Nuctemeron (the twelve hours of Apollonius of Tyana)</mx:subfield><mx:subfield code="9">2</mx:subfield><mx:subfield code="2">NLA</mx:subfield><mx:subfield code="2">LC</mx:subfield></mx:datafield><mx:datafield tag="910" ind2=" " ind1=" "><mx:subfield code="a">Sirr al-khalīqah wa-ṣanʻat al-ṭabīʻah, [aw], Kitāb al-ʻilal</mx:subfield><mx:subfield code="9">2</mx:subfield><mx:subfield code="2">NLA</mx:subfield><mx:subfield code="2">LC</mx:subfield></mx:datafield><mx:datafield tag="910" ind2=" " ind1=" "><mx:subfield code="a">Buch über das Geheimnis der Schöpfung und die Darstellung der Natur</mx:subfield><mx:subfield code="9">2</mx:subfield><mx:subfield code="2">LC</mx:subfield><mx:subfield code="2">EGAXA</mx:subfield></mx:datafield><mx:datafield tag="910" ind2=" " ind1=" "><mx:subfield code="a">Buch der Ursachen</mx:subfield><mx:subfield code="9">2</mx:subfield><mx:subfield code="2">LC</mx:subfield><mx:subfield code="2">EGAXA</mx:subfield></mx:datafield><mx:datafield tag="910" ind2=" " ind1=" "><mx:subfield code="a">Apollonius de Tyane : sa vie, ses voyages, ses prodiges</mx:subfield><mx:subfield code="9">2</mx:subfield><mx:subfield code="2">RERO</mx:subfield></mx:datafield><mx:datafield tag="910" ind2=" " ind1=" "><mx:subfield code="a">مصحف القمر فى الطلسمات</mx:subfield><mx:subfield code="9">1</mx:subfield><mx:subfield code="2">EGAXA</mx:subfield></mx:datafield><mx:datafield tag="910" ind2=" " ind1=" "><mx:subfield code="a">مصحف العصر</mx:subfield><mx:subfield code="9">1</mx:subfield><mx:subfield code="2">EGAXA</mx:subfield></mx:datafield><mx:datafield tag="910" ind2=" " ind1=" "><mx:subfield code="a">مسائل فى سر الخليقة و صنعة الطبيعة لهرمس</mx:subfield><mx:subfield code="9">1</mx:subfield><mx:subfield code="2">EGAXA</mx:subfield></mx:datafield><mx:datafield tag="910" ind2=" " ind1=" "><mx:subfield code="a">مخروطات</mx:subfield><mx:subfield code="9">1</mx:subfield><mx:subfield code="2">EGAXA</mx:subfield></mx:datafield><mx:datafield tag="910" ind2=" " ind1=" "><mx:subfield code="a">سر الخليقة وصنعة الطبيعة : كتاب العلل</mx:subfield><mx:subfield code="9">1</mx:subfield><mx:subfield code="2">NLA</mx:subfield></mx:datafield><mx:datafield tag="910" ind2=" " ind1=" "><mx:subfield code="a">سر الخليقة و صنعة الطبيعة : كتاب العلل</mx:subfield><mx:subfield code="9">1</mx:subfield><mx:subfield code="2">EGAXA</mx:subfield></mx:datafield><mx:datafield tag="910" ind2=" " ind1=" "><mx:subfield code="a">سر الخليقة و صنعة الطبيعة</mx:subfield><mx:subfield code="9">1</mx:subfield><mx:subfield code="2">EGAXA</mx:subfield></mx:datafield><mx:datafield tag="910" ind2=" " ind1=" "><mx:subfield code="a">رسالة فى تأثير الروحانيات فى المركبات</mx:subfield><mx:subfield code="9">1</mx:subfield><mx:subfield code="2">EGAXA</mx:subfield></mx:datafield><mx:datafield tag="910" ind2=" " ind1=" "><mx:subfield code="a">تكوين المعادن</mx:subfield><mx:subfield code="9">1</mx:subfield><mx:subfield code="2">EGAXA</mx:subfield></mx:datafield><mx:datafield tag="910" ind2=" " ind1=" "><mx:subfield code="a">المدخل الكبير</mx:subfield><mx:subfield code="9">1</mx:subfield><mx:subfield code="2">EGAXA</mx:subfield></mx:datafield><mx:datafield tag="910" ind2=" " ind1=" "><mx:subfield code="a">المخروطات</mx:subfield><mx:subfield code="9">1</mx:subfield><mx:subfield code="2">EGAXA</mx:subfield></mx:datafield><mx:datafield tag="910" ind2=" " ind1=" "><mx:subfield code="a">lalchimie comme art hieratique</mx:subfield><mx:subfield code="9">1</mx:subfield><mx:subfield code="2">LC</mx:subfield></mx:datafield><mx:datafield tag="910" ind2=" " ind1=" "><mx:subfield code="a">gonzalez faus j i clamor del reino</mx:subfield><mx:subfield code="9">1</mx:subfield><mx:subfield code="2">LC</mx:subfield></mx:datafield><mx:datafield tag="910" ind2=" " ind1=" "><mx:subfield code="a">apolloniusz z tiany</mx:subfield><mx:subfield code="9">1</mx:subfield><mx:subfield code="2">LC</mx:subfield></mx:datafield><mx:datafield tag="910" ind2=" " ind1=" "><mx:subfield code="a">Twelve mystical preludes</mx:subfield><mx:subfield code="9">1</mx:subfield><mx:subfield code="2">NLA</mx:subfield></mx:datafield><mx:datafield tag="910" ind2=" " ind1=" "><mx:subfield code="a">The life of Apollonius of Tyana</mx:subfield><mx:subfield code="9">1</mx:subfield><mx:subfield code="2">SELIBR</mx:subfield></mx:datafield><mx:datafield tag="910" ind2=" " ind1=" "><mx:subfield code="a">The letters of Apollonius of Tyana  : A critical text with prolegomena</mx:subfield><mx:subfield code="9">1</mx:subfield><mx:subfield code="2">BNE</mx:subfield></mx:datafield><mx:datafield tag="910" ind2=" " ind1=" "><mx:subfield code="a">The Letters of Apollonius of Tyana; a critical text with prolegomena</mx:subfield><mx:subfield code="9">1</mx:subfield><mx:subfield code="2">BAV</mx:subfield></mx:datafield><mx:datafield tag="910" ind2=" " ind1=" "><mx:subfield code="a">Notory art of Solomon the King</mx:subfield><mx:subfield code="9">1</mx:subfield><mx:subfield code="2">NLA</mx:subfield></mx:datafield><mx:datafield tag="910" ind2=" " ind1=" "><mx:subfield code="a">Mystical preludes</mx:subfield><mx:subfield code="9">1</mx:subfield><mx:subfield code="2">NLA</mx:subfield></mx:datafield><mx:datafield tag="910" ind2=" " ind1=" "><mx:subfield code="a">Kitāb al-ʻilal</mx:subfield><mx:subfield code="9">1</mx:subfield><mx:subfield code="2">LC</mx:subfield></mx:datafield><mx:datafield tag="910" ind2=" " ind1=" "><mx:subfield code="a">Jesus-Pythagorico evangelho</mx:subfield><mx:subfield code="9">1</mx:subfield><mx:subfield code="2">NLA</mx:subfield></mx:datafield><mx:datafield tag="910" ind2=" " ind1=" "><mx:subfield code="a">Historia Apollonii Regis Tyri</mx:subfield><mx:subfield code="9">1</mx:subfield><mx:subfield code="2">BAV</mx:subfield></mx:datafield><mx:datafield tag="910" ind2=" " ind1=" "><mx:subfield code="a">Henrici Cornelii Agrippae ab Nettesheym armatae militiae equitis aurati, et iuris vtriusque ac Medicinae Doctoris Opera [-operum pars posterior] in duos tomos concinne digesta, et nunc denuò, sublatis omnibus mendis, in filomuson gratiam accuratissimè recusa ; quibus post omnium editiones de novo accessit Ars Notoria ...</mx:subfield><mx:subfield code="9">1</mx:subfield><mx:subfield code="2">BNE</mx:subfield></mx:datafield><mx:datafield tag="910" ind2=" " ind1=" "><mx:subfield code="a">Epistolae Apollonii Tyanei, Anacharsidis, Evripidis, Theanvs, aliorúmque ad eosdem</mx:subfield><mx:subfield code="9">1</mx:subfield><mx:subfield code="2">LC</mx:subfield></mx:datafield><mx:datafield tag="910" ind2=" " ind1=" "><mx:subfield code="a">Epistolae Apollonii Tyanei, Anacharsidis, Euripidis, Theanus, aliorúmque ad eosdem</mx:subfield><mx:subfield code="9">1</mx:subfield><mx:subfield code="2">LC</mx:subfield></mx:datafield><mx:datafield tag="910" ind2=" " ind1=" "><mx:subfield code="a">Epist. veter. Graecor.</mx:subfield><mx:subfield code="9">1</mx:subfield><mx:subfield code="2">LC</mx:subfield></mx:datafield><mx:datafield tag="910" ind2=" " ind1=" "><mx:subfield code="a">Das "Buch über das Geheimnis der Schöpfung" von Pseudo-Apollonios von Tyana</mx:subfield><mx:subfield code="9">1</mx:subfield><mx:subfield code="2">RERO</mx:subfield></mx:datafield><mx:datafield tag="910" ind2=" " ind1=" "><mx:subfield code="a">Ars notoria, the notory art of Solomon shewing the cabalistical key of magical operations, the liberal sciences, divine revelation, and the art of memory : whereunto is added an astrological catechism, fully demonstrating the art of judicial astrology ...</mx:subfield><mx:subfield code="9">1</mx:subfield><mx:subfield code="2">NLA</mx:subfield></mx:datafield><mx:datafield tag="910" ind2=" " ind1=" "><mx:subfield code="a">Ars notoria : the notory art of Solomon the king : shewing the cabalistical key of magical operations, the liberal sciences, divine revelation, and the art of memory : whereunto is added an astrological catechism, fully demonstrating the art of judicial astrology ...</mx:subfield><mx:subfield code="9">1</mx:subfield><mx:subfield code="2">NLA</mx:subfield></mx:datafield><mx:datafield tag="910" ind2=" " ind1=" "><mx:subfield code="a">Apollonio di Tiana : il filosofo riformatore del 1⁰ secolo della nostra era : studio critico dei soli documenti che esistono sulla vita di Apollonio di Tiana...</mx:subfield><mx:subfield code="9">1</mx:subfield><mx:subfield code="2">RERO</mx:subfield></mx:datafield><mx:datafield tag="910" ind2=" " ind1=" "><mx:subfield code="a">Apollonio Tianeo : epistole e frammenti.</mx:subfield><mx:subfield code="9">1</mx:subfield><mx:subfield code="2">NLA</mx:subfield></mx:datafield><mx:datafield tag="910" ind2=" " ind1=" "><mx:subfield code="a">An account of the life of Apollonius Tyaneus. : By M. Le Nain de Tillemont. Translated out of French. To which are added, some observations upon Apollonius.</mx:subfield><mx:subfield code="9">1</mx:subfield><mx:subfield code="2">NLA</mx:subfield></mx:datafield><mx:datafield tag="910" ind2=" " ind1=" "><mx:subfield code="a">Ab Nettesheym armatae militiae equitis aurati, et iuris vtriusque ac Medicinae Doctoris Opera</mx:subfield><mx:subfield code="9">1</mx:subfield><mx:subfield code="2">BNE</mx:subfield></mx:datafield><mx:datafield tag="910" ind2=" " ind1=" "><mx:subfield code="a">12 mystical preludes : after the Nuctemeron of Apollonius of Tyana : for solo piano</mx:subfield><mx:subfield code="9">1</mx:subfield><mx:subfield code="2">NLA</mx:subfield></mx:datafield><mx:datafield tag="921" ind2=" " ind1=" "><mx:subfield code="a">معهد المخطوطات العربية،</mx:subfield><mx:subfield code="9">3</mx:subfield><mx:subfield code="2">EGAXA</mx:subfield></mx:datafield><mx:datafield tag="921" ind2=" " ind1=" "><mx:subfield code="a">Patrimonio Nacional Real Biblioteca Del Monasterio San Lorenzo De EL Escorial</mx:subfield><mx:subfield code="9">3</mx:subfield><mx:subfield code="2">EGAXA</mx:subfield></mx:datafield><mx:datafield tag="921" ind2=" " ind1=" "><mx:subfield code="a">د.ن،</mx:subfield><mx:subfield code="9">2</mx:subfield><mx:subfield code="2">EGAXA</mx:subfield></mx:datafield><mx:datafield tag="921" ind2=" " ind1=" "><mx:subfield code="a">Didier</mx:subfield><mx:subfield code="9">2</mx:subfield><mx:subfield code="2">RERO</mx:subfield></mx:datafield><mx:datafield tag="921" ind2=" " ind1=" "><mx:subfield code="a">معهد التراث العلمي العربي، جامعة حلب،</mx:subfield><mx:subfield code="9">1</mx:subfield><mx:subfield code="2">NLA</mx:subfield></mx:datafield><mx:datafield tag="921" ind2=" " ind1=" "><mx:subfield code="a">معهد التراث العلمى العربى،</mx:subfield><mx:subfield code="9">1</mx:subfield><mx:subfield code="2">EGAXA</mx:subfield></mx:datafield><mx:datafield tag="921" ind2=" " ind1=" "><mx:subfield code="a">W. de Gruyter</mx:subfield><mx:subfield code="9">1</mx:subfield><mx:subfield code="2">RERO</mx:subfield></mx:datafield><mx:datafield tag="921" ind2=" " ind1=" "><mx:subfield code="a">University Microfilms</mx:subfield><mx:subfield code="9">1</mx:subfield><mx:subfield code="2">NLA</mx:subfield></mx:datafield><mx:datafield tag="921" ind2=" " ind1=" "><mx:subfield code="a">Trident Books</mx:subfield><mx:subfield code="9">1</mx:subfield><mx:subfield code="2">NLA</mx:subfield></mx:datafield><mx:datafield tag="921" ind2=" " ind1=" "><mx:subfield code="a">Seesaw Music Corp.</mx:subfield><mx:subfield code="9">1</mx:subfield><mx:subfield code="2">NLA</mx:subfield></mx:datafield><mx:datafield tag="921" ind2=" " ind1=" "><mx:subfield code="a">Rider &amp; co.</mx:subfield><mx:subfield code="9">1</mx:subfield><mx:subfield code="2">LC</mx:subfield></mx:datafield><mx:datafield tag="921" ind2=" " ind1=" "><mx:subfield code="a">per Beringos fratres</mx:subfield><mx:subfield code="9">1</mx:subfield><mx:subfield code="2">BNE</mx:subfield></mx:datafield><mx:datafield tag="921" ind2=" " ind1=" "><mx:subfield code="a">Heinemann</mx:subfield><mx:subfield code="9">1</mx:subfield><mx:subfield code="2">SELIBR</mx:subfield></mx:datafield><mx:datafield tag="921" ind2=" " ind1=" "><mx:subfield code="a">E. Brill</mx:subfield><mx:subfield code="9">1</mx:subfield><mx:subfield code="2">BAV</mx:subfield></mx:datafield><mx:datafield tag="922" ind2=" " ind1=" "><mx:subfield code="a">GB</mx:subfield><mx:subfield code="9">7</mx:subfield><mx:subfield code="2">NLA</mx:subfield><mx:subfield code="2">LC</mx:subfield></mx:datafield><mx:datafield tag="922" ind2=" " ind1=" "><mx:subfield code="a">US</mx:subfield><mx:subfield code="9">2</mx:subfield><mx:subfield code="2">NLA</mx:subfield><mx:subfield code="2">SELIBR</mx:subfield></mx:datafield><mx:datafield tag="922" ind2=" " ind1=" "><mx:subfield code="a">NL</mx:subfield><mx:subfield code="9">1</mx:subfield><mx:subfield code="2">BNE</mx:subfield></mx:datafield><mx:datafield tag="922" ind2=" " ind1=" "><mx:subfield code="a">FR</mx:subfield><mx:subfield code="9">1</mx:subfield><mx:subfield code="2">BNE</mx:subfield></mx:datafield><mx:datafield ind2=" " ind1=" " tag="943"><mx:subfield code="a">155.</mx:subfield><mx:subfield code="9">1</mx:subfield></mx:datafield><mx:datafield ind2=" " ind1=" " tag="943"><mx:subfield code="a">156.</mx:subfield><mx:subfield code="9">0</mx:subfield></mx:datafield><mx:datafield ind2=" " ind1=" " tag="943"><mx:subfield code="a">157.</mx:subfield><mx:subfield code="9">0</mx:subfield></mx:datafield><mx:datafield ind2=" " ind1=" " tag="943"><mx:subfield code="a">158.</mx:subfield><mx:subfield code="9">0</mx:subfield></mx:datafield><mx:datafield ind2=" " ind1=" " tag="943"><mx:subfield code="a">159.</mx:subfield><mx:subfield code="9">0</mx:subfield></mx:datafield><mx:datafield ind2=" " ind1=" " tag="943"><mx:subfield code="a">160.</mx:subfield><mx:subfield code="9">1</mx:subfield></mx:datafield><mx:datafield ind2=" " ind1=" " tag="943"><mx:subfield code="a">161.</mx:subfield><mx:subfield code="9">0</mx:subfield></mx:datafield><mx:datafield ind2=" " ind1=" " tag="943"><mx:subfield code="a">162.</mx:subfield><mx:subfield code="9">0</mx:subfield></mx:datafield><mx:datafield ind2=" " ind1=" " tag="943"><mx:subfield code="a">163.</mx:subfield><mx:subfield code="9">0</mx:subfield></mx:datafield><mx:datafield ind2=" " ind1=" " tag="943"><mx:subfield code="a">164.</mx:subfield><mx:subfield code="9">0</mx:subfield></mx:datafield><mx:datafield ind2=" " ind1=" " tag="943"><mx:subfield code="a">165.</mx:subfield><mx:subfield code="9">2</mx:subfield></mx:datafield><mx:datafield ind2=" " ind1=" " tag="943"><mx:subfield code="a">166.</mx:subfield><mx:subfield code="9">0</mx:subfield></mx:datafield><mx:datafield ind2=" " ind1=" " tag="943"><mx:subfield code="a">167.</mx:subfield><mx:subfield code="9">0</mx:subfield></mx:datafield><mx:datafield ind2=" " ind1=" " tag="943"><mx:subfield code="a">168.</mx:subfield><mx:subfield code="9">0</mx:subfield></mx:datafield><mx:datafield ind2=" " ind1=" " tag="943"><mx:subfield code="a">169.</mx:subfield><mx:subfield code="9">0</mx:subfield></mx:datafield><mx:datafield ind2=" " ind1=" " tag="943"><mx:subfield code="a">170.</mx:subfield><mx:subfield code="9">1</mx:subfield></mx:datafield><mx:datafield ind2=" " ind1=" " tag="943"><mx:subfield code="a">171.</mx:subfield><mx:subfield code="9">0</mx:subfield></mx:datafield><mx:datafield ind2=" " ind1=" " tag="943"><mx:subfield code="a">172.</mx:subfield><mx:subfield code="9">0</mx:subfield></mx:datafield><mx:datafield ind2=" " ind1=" " tag="943"><mx:subfield code="a">173.</mx:subfield><mx:subfield code="9">0</mx:subfield></mx:datafield><mx:datafield ind2=" " ind1=" " tag="943"><mx:subfield code="a">174.</mx:subfield><mx:subfield code="9">0</mx:subfield></mx:datafield><mx:datafield ind2=" " ind1=" " tag="943"><mx:subfield code="a">175.</mx:subfield><mx:subfield code="9">0</mx:subfield></mx:datafield><mx:datafield ind2=" " ind1=" " tag="943"><mx:subfield code="a">176.</mx:subfield><mx:subfield code="9">0</mx:subfield></mx:datafield><mx:datafield ind2=" " ind1=" " tag="943"><mx:subfield code="a">177.</mx:subfield><mx:subfield code="9">0</mx:subfield></mx:datafield><mx:datafield ind2=" " ind1=" " tag="943"><mx:subfield code="a">178.</mx:subfield><mx:subfield code="9">0</mx:subfield></mx:datafield><mx:datafield ind2=" " ind1=" " tag="943"><mx:subfield code="a">179.</mx:subfield><mx:subfield code="9">0</mx:subfield></mx:datafield><mx:datafield ind2=" " ind1=" " tag="943"><mx:subfield code="a">180.</mx:subfield><mx:subfield code="9">0</mx:subfield></mx:datafield><mx:datafield ind2=" " ind1=" " tag="943"><mx:subfield code="a">181.</mx:subfield><mx:subfield code="9">0</mx:subfield></mx:datafield><mx:datafield ind2=" " ind1=" " tag="943"><mx:subfield code="a">182.</mx:subfield><mx:subfield code="9">0</mx:subfield></mx:datafield><mx:datafield ind2=" " ind1=" " tag="943"><mx:subfield code="a">183.</mx:subfield><mx:subfield code="9">0</mx:subfield></mx:datafield><mx:datafield ind2=" " ind1=" " tag="943"><mx:subfield code="a">184.</mx:subfield><mx:subfield code="9">0</mx:subfield></mx:datafield><mx:datafield ind2=" " ind1=" " tag="943"><mx:subfield code="a">185.</mx:subfield><mx:subfield code="9">0</mx:subfield></mx:datafield><mx:datafield ind2=" " ind1=" " tag="943"><mx:subfield code="a">186.</mx:subfield><mx:subfield code="9">2</mx:subfield></mx:datafield><mx:datafield ind2=" " ind1=" " tag="943"><mx:subfield code="a">187.</mx:subfield><mx:subfield code="9">0</mx:subfield></mx:datafield><mx:datafield ind2=" " ind1=" " tag="943"><mx:subfield code="a">188.</mx:subfield><mx:subfield code="9">0</mx:subfield></mx:datafield><mx:datafield ind2=" " ind1=" " tag="943"><mx:subfield code="a">189.</mx:subfield><mx:subfield code="9">0</mx:subfield></mx:datafield><mx:datafield ind2=" " ind1=" " tag="943"><mx:subfield code="a">190.</mx:subfield><mx:subfield code="9">0</mx:subfield></mx:datafield><mx:datafield ind2=" " ind1=" " tag="943"><mx:subfield code="a">191.</mx:subfield><mx:subfield code="9">1</mx:subfield></mx:datafield><mx:datafield ind2=" " ind1=" " tag="943"><mx:subfield code="a">192.</mx:subfield><mx:subfield code="9">1</mx:subfield></mx:datafield><mx:datafield ind2=" " ind1=" " tag="943"><mx:subfield code="a">193.</mx:subfield><mx:subfield code="9">3</mx:subfield></mx:datafield><mx:datafield ind2=" " ind1=" " tag="943"><mx:subfield code="a">194.</mx:subfield><mx:subfield code="9">0</mx:subfield></mx:datafield><mx:datafield ind2=" " ind1=" " tag="943"><mx:subfield code="a">195.</mx:subfield><mx:subfield code="9">0</mx:subfield></mx:datafield><mx:datafield ind2=" " ind1=" " tag="943"><mx:subfield code="a">196.</mx:subfield><mx:subfield code="9">0</mx:subfield></mx:datafield><mx:datafield ind2=" " ind1=" " tag="943"><mx:subfield code="a">197.</mx:subfield><mx:subfield code="9">9</mx:subfield></mx:datafield><mx:datafield ind2=" " ind1=" " tag="943"><mx:subfield code="a">198.</mx:subfield><mx:subfield code="9">10</mx:subfield></mx:datafield><mx:datafield ind2=" " ind1=" " tag="943"><mx:subfield code="a">199.</mx:subfield><mx:subfield code="9">1</mx:subfield></mx:datafield><mx:datafield ind2=" " ind1=" " tag="943"><mx:subfield code="a">200.</mx:subfield><mx:subfield code="9">4</mx:subfield></mx:datafield><mx:datafield ind2=" " ind1=" " tag="970"><mx:subfield code="a">-4</mx:subfield><mx:subfield code="b">97</mx:subfield><mx:subfield code="c">circa</mx:subfield></mx:datafield></mx:record>